<record><leader>00000cas a22000007a 4500</leader><controlfield tag="001">21256815</controlfield><controlfield tag="008">900322d19081923couwr ne      0    0eng d</controlfield><datafield ind1=" " ind2=" " tag="010"><subfield code="a">sn 90051161 </subfield></datafield><datafield ind1=" " ind2=" " tag="040"><subfield code="a">CNQ</subfield><subfield code="b">eng</subfield><subfield code="c">CNQ</subfield><subfield code="d">DAD</subfield><subfield code="d">OCLCQ</subfield><subfield code="d">OCLCF</subfield><subfield code="d">OCLCO</subfield></datafield><datafield ind1=" " ind2=" " tag="042"><subfield code="a">msc</subfield></datafield><datafield ind1=" " ind2=" " tag="043"><subfield code="a">n-us-co</subfield></datafield><datafield ind1="0" ind2="4" tag="245"><subfield code="a">The record-journal of Douglas County.</subfield></datafield><datafield ind1="1" ind2="3" tag="246"><subfield code="a">Record-journal</subfield></datafield><datafield ind1=" " ind2=" " tag="260"><subfield code="a">Castle Rock, Douglas County, Colo. :</subfield><subfield code="b">Record-Journal Pub. Co.</subfield></datafield><datafield ind1=" " ind2=" " tag="300"><subfield code="a">v.</subfield></datafield><datafield ind1=" " ind2=" " tag="310"><subfield code="a">Weekly</subfield></datafield><datafield ind1="0" ind2=" " tag="362"><subfield code="a">Vol. 1, no. 1 (Feb. 7, 1908)-v. 14, no. 51 (Jan. 12, 1923).</subfield></datafield><datafield ind1=" " ind2=" " tag="530"><subfield code="a">Available on microfilm from the Colorado Historical Society.</subfield></datafield><datafield ind1="2" ind2="0" tag="610"><subfield code="a">Douglas County History Research Center (Colo.)</subfield></datafield><datafield ind1=" " ind2="0" tag="651"><subfield code="a">Douglas County (Colo.)</subfield><subfield code="v">Newspapers.</subfield></datafield><datafield ind1=" " ind2="0" tag="651"><subfield code="a">Colorado</subfield><subfield code="x">History.</subfield></datafield><datafield ind1=" " ind2="0" tag="651"><subfield code="a">Douglas County (Colo.)</subfield><subfield code="x">History.</subfield></datafield><datafield ind1=" " ind2="7" tag="655"><subfield code="a">History.</subfield><subfield code="2">fast</subfield><subfield code="0">(OCoLC)fst01411628</subfield></datafield><datafield ind1=" " ind2="7" tag="655"><subfield code="a">Newspapers.</subfield><subfield code="2">fast</subfield><subfield code="0">(OCoLC)fst01423814</subfield></datafield><datafield ind1="2" ind2="7" tag="610"><subfield code="a">Douglas County History Research Center (Colo.)</subfield><subfield code="2">fast</subfield><subfield code="0">(OCoLC)fst01640199</subfield></datafield><datafield ind1=" " ind2="7" tag="651"><subfield code="a">Colorado.</subfield><subfield code="2">fast</subfield><subfield code="0">(OCoLC)fst01210251</subfield></datafield><datafield ind1=" " ind2="7" tag="651"><subfield code="a">Colorado</subfield><subfield code="z">Douglas County.</subfield><subfield code="2">fast</subfield><subfield code="0">(OCoLC)fst01225782</subfield></datafield><datafield ind1=" " ind2=" " tag="752"><subfield code="a">United States</subfield><subfield code="b">Colorado</subfield><subfield code="c">Douglas</subfield><subfield code="d">Castle Rock.</subfield></datafield><datafield ind1="0" ind2="4" tag="780"><subfield code="t">Castle Rock journal</subfield><subfield code="w">(DLC)sn 85067316</subfield></datafield><datafield ind1="0" ind2="4" tag="780"><subfield code="t">Douglas County record</subfield></datafield><datafield ind1="0" ind2="0" tag="785"><subfield code="t">Record-journal</subfield><subfield code="w">(DLC)sn 90051162</subfield></datafield></record>